% This file was created with JabRef 2.7.2.
% Encoding: UTF-8

@MISC{HFD,
  author = {{Human Fertility Database}},
  title = {{{Max Planck Institute for Demographic Research (Germany)} and {Vienna
	Institute of Demography (Austria)}}},
  note = {Available at www.humanfertility.org.},
  owner = {triffe},
  timestamp = {2014.07.10}
}

@MISC{HMD,
  author = {{Human Mortality Database}},
  title = {{{University of California, Berkeley (USA)}} and {Max Planck Institute
	for Demographic Research (Germany)}},
  note = {Available at www.mortality.org or www.humanmortality.de (data downloaded
	on July 10, 2014).},
  owner = {triffe},
  timestamp = {2014.07.10}
}

@TECHREPORT{minton2015,
  author = {Jon Minton},
  title = {Merging, exploring, and batch processing data from the Human Fertility
	Database and Human Mortality Database},
  institution = {Max Planck Institute for Demographic Research (MPIDR)},
  year = {2015},
  number = {TR-2015-001},
  month = {April},
  owner = {triffe},
  timestamp = {2015.05.13},
  url = {http://www.demogr.mpg.de/papers/technicalreports/tr-2015-001.pdf}
}

@MANUAL{Rcitation,
  title = {R: A Language and Environment for Statistical Computing},
  author = {{R Development Core Team}},
  organization = {R Foundation for Statistical Computing},
  address = {Vienna, Austria},
  year = {2012},
  note = {{ISBN} 3-900051-07-0},
  url = {http://www.R-project.org/}
}

@comment{jabref-meta: selector_publisher:}

@comment{jabref-meta: selector_author:}

@comment{jabref-meta: selector_journal:}

@comment{jabref-meta: selector_keywords:}

